<record><leader>02208cam a22005298i 4500</leader><controlfield tag="001">6795707</controlfield><controlfield tag="005">20141210014115.0</controlfield><controlfield tag="006">m     o  d        </controlfield><controlfield tag="007">cr un|||||||||</controlfield><controlfield tag="008">140828s2015    bcc     ob    001 0 eng  </controlfield><datafield ind1=" " ind2=" " tag="016"><subfield code="a">20149055579</subfield></datafield><datafield ind1=" " ind2=" " tag="020"><subfield code="a">9780774828598</subfield><subfield code="q">electronic bk.</subfield></datafield><datafield ind1=" " ind2=" " tag="020"><subfield code="a">0774828595</subfield><subfield code="q">electronic bk.</subfield></datafield><datafield ind1=" " ind2=" " tag="020"><subfield code="z">9780774828604</subfield></datafield><datafield ind1=" " ind2=" " tag="020"><subfield code="z">0774828609</subfield></datafield><datafield ind1=" " ind2=" " tag="035"><subfield code="a">ocn889649536</subfield></datafield><datafield ind1=" " ind2=" " tag="039"><subfield code="a">exclude</subfield></datafield><datafield ind1=" " ind2=" " tag="040"><subfield code="a">NLC</subfield><subfield code="b">eng</subfield><subfield code="e">rda</subfield><subfield code="c">NLC</subfield><subfield code="d">OCLCO</subfield><subfield code="d">N$T</subfield><subfield code="d">AEU</subfield></datafield><datafield ind1=" " ind2=" " tag="043"><subfield code="a">n-cn---</subfield></datafield><datafield ind1=" " ind2="4" tag="050"><subfield code="a">GT2853.C2</subfield></datafield><datafield ind1=" " ind2="0" tag="055"><subfield code="a">GT2853 C3</subfield><subfield code="b">B42 2014</subfield></datafield><datafield ind1=" " ind2="7" tag="072"><subfield code="a">SOC</subfield><subfield code="x">005000</subfield><subfield code="2">bisacsh</subfield></datafield><datafield ind1="0" ind2="4" tag="082"><subfield code="a">394.1/20971</subfield><subfield code="2">23</subfield></datafield><datafield ind1=" " ind2=" " tag="090"><subfield code="a">Internet Access</subfield><subfield code="b">AGPC</subfield></datafield><datafield ind1=" " ind2=" " tag="090"><subfield code="a">Internet Access</subfield><subfield code="b">AVC</subfield></datafield><datafield ind1="1" ind2=" " tag="100"><subfield code="a">Beagan, Brenda L,</subfield><subfield code="e">author.</subfield></datafield><datafield ind1="1" ind2="0" tag="245"><subfield code="a">Acquired tastes</subfield><subfield code="h">[electronic resource] :</subfield><subfield code="b">why families eat the way they do /</subfield><subfield code="c">Brenda L. Beagan, Gwen E. Chapman, Jos&#233;e Johnston, Deborah McPhail, Elaine M. Power, and Helen Vallianatos.</subfield></datafield><datafield ind1=" " ind2="1" tag="264"><subfield code="a">Vancouver :</subfield><subfield code="b">UBC Press,</subfield><subfield code="c">2015.</subfield></datafield><datafield ind1=" " ind2=" " tag="300"><subfield code="a">1 online resource.</subfield></datafield><datafield ind1=" " ind2=" " tag="336"><subfield code="a">text</subfield><subfield code="b">txt</subfield><subfield code="2">rdacontent</subfield></datafield><datafield ind1=" " ind2=" " tag="337"><subfield code="a">computer</subfield><subfield code="b">c</subfield><subfield code="2">rdamedia</subfield></datafield><datafield ind1=" " ind2=" " tag="338"><subfield code="a">online resource</subfield><subfield code="b">cr</subfield><subfield code="2">rdacarrier</subfield></datafield><datafield ind1=" " ind2=" " tag="504"><subfield code="a">Includes bibliographical references and index.</subfield></datafield><datafield ind1=" " ind2=" " tag="506"><subfield code="a">Access restricted to authorized users and institutions.</subfield></datafield><datafield ind1=" " ind2=" " tag="596"><subfield code="a">52 60</subfield></datafield><datafield ind1=" " ind2="0" tag="650"><subfield code="a">Food habits</subfield><subfield code="x">Social aspects</subfield><subfield code="z">Canada.</subfield></datafield><datafield ind1="1" ind2=" " tag="700"><subfield code="a">Vallianatos, Helen,</subfield><subfield code="e">author.</subfield></datafield><datafield ind1="1" ind2=" " tag="700"><subfield code="a">Johnston, Jos&#233;e,</subfield><subfield code="d">1972-</subfield><subfield code="e">author.</subfield></datafield><datafield ind1="1" ind2=" " tag="700"><subfield code="a">Chapman, Gwen E.,</subfield><subfield code="d">1959-,</subfield><subfield code="e">author.</subfield></datafield><datafield ind1="1" ind2=" " tag="700"><subfield code="a">McPhail, Deborah,</subfield><subfield code="d">1977-,</subfield><subfield code="e">author.</subfield></datafield><datafield ind1="1" ind2=" " tag="700"><subfield code="a">Power, Elaine M.,</subfield><subfield code="d">1961-,</subfield><subfield code="e">author.</subfield></datafield><datafield ind1="4" ind2="0" tag="856"><subfield code="3">Grande Prairie Regional College Access</subfield><subfield code="u">http://search.ebscohost.com/login.aspx?direct=true&amp;scope=site&amp;db=nlebk&amp;db=nlabk&amp;AN=771978</subfield></datafield><datafield ind1="4" ind2="0" tag="856"><subfield code="3">Lakeland College Access</subfield><subfield code="u">http://search.ebscohost.com/login.aspx?direct=true&amp;scope=site&amp;db=nlebk&amp;db=nlabk&amp;AN=771978</subfield></datafield><datafield ind1=" " ind2=" " tag="949"><subfield code="h">UAIN</subfield><subfield code="m">LAKELND_LL</subfield><subfield code="z">NETLIBLL</subfield></datafield><datafield ind1=" " ind2=" " tag="949"><subfield code="h">UAIN</subfield><subfield code="m">LAKELND_VR</subfield><subfield code="z">NETLIBLL</subfield></datafield><datafield ind1=" " ind2=" " tag="926"><subfield code="a">Internet Access</subfield><subfield code="w">LC</subfield><subfield code="c">1</subfield><subfield code="i">6795707-1001</subfield><subfield code="l">INTERNET</subfield><subfield code="m">LAKELND_IN</subfield><subfield code="r">Y</subfield><subfield code="s">Y</subfield><subfield code="t">E-RESOURCE</subfield><subfield code="u">1/29/2015</subfield><subfield code="x">E-BOOK</subfield><subfield code="z">EBSCOLL</subfield></datafield><datafield ind1=" " ind2=" " tag="926"><subfield code="a">Internet Access</subfield><subfield code="w">LC</subfield><subfield code="c">1</subfield><subfield code="i">6795707-4001</subfield><subfield code="l">INTERNET</subfield><subfield code="m">GPRC_INT</subfield><subfield code="r">Y</subfield><subfield code="s">Y</subfield><subfield code="t">E-RESOURCE</subfield><subfield code="u">9/1/2015</subfield><subfield code="x">E-BOOK</subfield><subfield code="z">EBSCOGPP</subfield></datafield></record>